<record><leader>00000cas a2200000 a 4500</leader><controlfield tag="001">10988387</controlfield><controlfield tag="008">840726d18691885vaudn ne      0    0eng c</controlfield><datafield ind1=" " ind2=" " tag="010"><subfield code="a">sn 84024668 </subfield></datafield><datafield ind1=" " ind2=" " tag="040"><subfield code="a">NPV</subfield><subfield code="b">eng</subfield><subfield code="c">NPV</subfield><subfield code="d">NPX</subfield><subfield code="d">NPU</subfield><subfield code="d">NPA</subfield><subfield code="d">DLC</subfield><subfield code="d">YOX</subfield><subfield code="d">NYS</subfield><subfield code="d">MGN</subfield><subfield code="d">CNK</subfield><subfield code="d">CNW</subfield><subfield code="d">NVK</subfield><subfield code="d">NVF</subfield><subfield code="d">KRTAS</subfield><subfield code="d">CUI</subfield><subfield code="d">DLC</subfield><subfield code="d">OCLCQ</subfield><subfield code="d">OCLCF</subfield></datafield><datafield ind1="1" ind2=" " tag="029"><subfield code="a">AU@</subfield><subfield code="b">000004481584</subfield></datafield><datafield ind1=" " ind2=" " tag="042"><subfield code="a">pcc</subfield></datafield><datafield ind1=" " ind2=" " tag="043"><subfield code="a">n-us-va</subfield></datafield><datafield ind1="0" ind2="0" tag="050"><subfield code="a">Newspaper</subfield></datafield><datafield ind1=" " ind2="4" tag="050"><subfield code="a">AN</subfield></datafield><datafield ind1="0" ind2=" " tag="130"><subfield code="a">Richmond daily Whig (Richmond, Va. : 1869)</subfield></datafield><datafield ind1="1" ind2="0" tag="245"><subfield code="a">Richmond daily Whig.</subfield></datafield><datafield ind1="3" ind2=" " tag="246"><subfield code="a">Richmond Virginia daily Whig</subfield></datafield><datafield ind1="3" ind2=" " tag="246"><subfield code="a">Richmond Whig</subfield></datafield><datafield ind1="3" ind2=" " tag="246"><subfield code="a">Daily Whig</subfield></datafield><datafield ind1=" " ind2=" " tag="260"><subfield code="a">Richmond, Va. :</subfield><subfield code="b">Moseley &amp; Shields,</subfield><subfield code="c">1869-1885.</subfield></datafield><datafield ind1=" " ind2=" " tag="300"><subfield code="a">v.</subfield></datafield><datafield ind1=" " ind2=" " tag="310"><subfield code="a">Daily</subfield></datafield><datafield ind1="0" ind2=" " tag="362"><subfield code="a">Vol. 81, no. 65 (Mar. 17, 1869)-v. 62, no. 303 (Dec. 22, 1885).</subfield></datafield><datafield ind1=" " ind2=" " tag="500"><subfield code="a">The words "Richmond" and "daily" appear over logo, Oct. 11-Dec. 30, 1869.</subfield></datafield><datafield ind1=" " ind2=" " tag="500"><subfield code="a">Publisher varies: J.C. Shields, Jan. 2, 1871-&lt;Dec. 1875&gt;; Wyatt M. Elliott &amp; Co., &lt;Dec. 1875&gt;-&lt;1882&gt; ; Richmond Whig Pub. Co., &lt;1883&gt;-</subfield></datafield><datafield ind1=" " ind2=" " tag="500"><subfield code="a">Published as: Daily Whig, Oct. 11, 1876-Jan. 26, 1877.</subfield></datafield><datafield ind1=" " ind2=" " tag="500"><subfield code="a">Published Tuesday-Sunday, July-Sept. 1874.</subfield></datafield><datafield ind1=" " ind2=" " tag="515"><subfield code="a">Aug. 7, 1875 issue numbered: 52nd yr., no. 187; May 7, 1877 and Sept. 6, 1877 issues numbered respectively: 54th year, no. 109 and no. 193.</subfield></datafield><datafield ind1=" " ind2=" " tag="530"><subfield code="a">Also issued on microfilm from the State Historical Society of Wisconsin and the New York Public Library.</subfield></datafield><datafield ind1=" " ind2=" " tag="580"><subfield code="a">Semiweekly ed.: Richmond Whig and adertiser.</subfield></datafield><datafield ind1=" " ind2="0" tag="651"><subfield code="a">Richmond (Va.)</subfield><subfield code="v">Newspapers.</subfield></datafield><datafield ind1=" " ind2="7" tag="655"><subfield code="a">Newspapers.</subfield><subfield code="2">fast</subfield><subfield code="0">(OCoLC)fst01423814</subfield></datafield><datafield ind1=" " ind2="7" tag="651"><subfield code="a">Virginia</subfield><subfield code="z">Richmond.</subfield><subfield code="2">fast</subfield><subfield code="0">(OCoLC)fst01205345</subfield></datafield><datafield ind1=" " ind2=" " tag="752"><subfield code="a">United States</subfield><subfield code="b">Virginia</subfield><subfield code="d">Richmond.</subfield></datafield><datafield ind1="1" ind2=" " tag="775"><subfield code="t">Richmond Whig and advertiser</subfield><subfield code="w">(DLC)sn 85026844</subfield><subfield code="w">(OCoLC)2252793</subfield></datafield><datafield ind1="0" ind2=" " tag="775"><subfield code="t">Richmond weekly Whig (Richmond, Va. : 1869)</subfield><subfield code="w">(DLC)sn 86079057</subfield><subfield code="w">(OCoLC)13155827</subfield></datafield><datafield ind1="0" ind2="0" tag="780"><subfield code="t">Daily Richmond Whig (Richmond, Va. : 1865)</subfield><subfield code="w">(DLC)sn 84024660</subfield><subfield code="w">(OCoLC)10988355</subfield></datafield><datafield ind1="0" ind2="0" tag="785"><subfield code="t">Richmond Whig (Richmond, Va. : 1886)</subfield><subfield code="w">(DLC)sn 86071867</subfield><subfield code="w">(OCoLC)14157220</subfield></datafield><datafield ind1=" " ind2=" " tag="938"><subfield code="a">Kirtas Technologies, Inc.</subfield><subfield code="b">KRTS</subfield><subfield code="n">738655</subfield></datafield></record>